@misc{crc,
	howpublished = {http://sanity-free.org/133/crc\_16\_ccitt\_in\_csharp.html},
	month = nov,
	note = {zuletzt aufgerufen am 24.12.2016},
	title = {{CRC 16 CCITT in C\#}},
	year = {2006}
}

@misc{hdlcCrc,
	howpublished = {http://www.drdobbs.com/implementing-the-ccitt-cyclical-redundan/199904926},
	month = jun,
	title = {{Implementing The CCITT Cyclicyl Redundancy Check}},
	year = {2007}
}

