% Encoding: UTF-8

@BOOK{Babiel2014,
    AUTHOR="G. Babiel",
    TITLE="Elektrische Antriebe in der Fahrzeugtechnik",
    PUBLISHER="Springer Vieweg",
    YEAR=2014,
    ADDRESS="Wiesbaden"
}

@Misc{POSIF2015,
    title  = {POSIF Example code},
    author = {Infineon},
    month  = june,
    year   = {2015},
    url = {http://www.infineon.com/dgdlc/en?dcId=8a8181663431cb50013431cb500b0000&downloadTitle=Infineon-POSIF-XMC1000_XMC4000-AP32289_Example_Code-AN-v01_01-EN.zip&download=L2RnZGwvSW5maW5lb24tUE9TSUYtWE1DMTAwMF9YTUM0MDAwLUFQMzIyODlfRXhhbXBsZV9Db2RlLUFOLXYwMV8wMS1FTi56aXA/ZmlsZUlkPTU1NDZkNDYyNGU3NjVkYTUwMTRlZDkzOGQzZWIzMjU4},
}

@Misc{POSIF2016,
    title  = {Infineon-Chip löst Rubik-Würfel in 637 Millisekunden},
    author = {Infineon},
    month  = november,
    year   = {2016},
    url = {http://www.infineon.com/cms/de/about-infineon/press/press-releases/2016/INFXX201611-014.html},
}

@Manual{Instruments2013,
    title  = {DRV830x-HC-C2-KIT Hardware Development Package},
    author = {Texas Instruments},
    month  = june,
    year   = {2013},
    url    = {http://www.ti.com/lit/zip/sloc292},
}
@Manual{Instruments2011,
    title  = {DRV830x-HC-C2-KIT Instaspin},
    author = {Texas Instruments},
    month  = november,
    year   = {2011},
    url    = {http://www.ti.com/lit/pdf/sprabn7},
}


@Comment{jabref-meta: databaseType:bibtex;}
