% Encoding: UTF-8

@Manual{InfineonTechnologies2016,
  title   = {XMC4700 / XMC4800 Reference Manual V1.3 2016-07},
  author  = {Infineon Technologies AG},
  address = {81726 Munich Germany},
  edition = {V1.3 2016-07},
  month   = {07},
  year    = {2016},
  file    = {:ressources\\Infineon-ReferenceManual_XMC4700_XMC4800-UM-v01_03-EN.pdf:PDF},
  url     = {https://www.infineon.com/dgdl/Infineon-ReferenceManual_XMC4700_XMC4800-UM-v01_03-EN.pdf?fileId=5546d462518ffd850151904eb90c0044},
}

@Misc{InfineonTechnologies2016a,
  author = {Infineon Technologies AG},
  title  = {POSIF Position Interface},
  year   = {2016},
  file   = {:ressources\\Infineon-IP_POSIF_XMC-TR-v01_02-EN.pdf:PDF},
  url    = {http://www.infineon.com/dgdl/Infineon-IP_POSIF_XMC-TR-v01_02-EN.pdf?fileId=5546d4624ad04ef9014b078101c9226c},
}

@Misc{InfineonTechnologies2017,
  title     = {Produktseite der XMC 4000 Mikrocontroller Serie},
  year      = {2017},
  timestamp = {2017-01-01},
  url       = {http://www.infineon.com/xmc4000},
}

@Manual{Instruments2014,
  title  = {DRV830x-HC-C2-KIT Hardware Reference Guide},
  author = {Texas Instruments},
  month  = may,
  year   = {2014},
  url    = {http://www.ti.com/lit/ug/tidu317/tidu317.pdf},
}

@Misc{Instruments2016,
  author       = {Texas Instruments},
  title        = {TXS0108 with I2C isolator ISO1540 - Texas Instruments Forum},
  howpublished = {Website},
  month        = aug,
  year         = {2016},
  url          = {https://e2e.ti.com/support/interface/voltage_level/f/391/p/533540/1947456},
}

@Misc{Nisarga2011,
  author      = {Bhargavi Nisarga, Daniel Torres},
  title       = {Sensored 3-Phase BLDC Motor Control Using MSP430},
  year        = {2011},
  institution = {Texas Instruments},
  url         = {http://www.ti.com/lit/an/slaa503/slaa503.pdf},
}

@Comment{jabref-meta: databaseType:bibtex;}
