% Encoding: UTF-8

@Manual{InfineonTechnologies2016,
  title   = {XMC4700 / XMC4800 Reference Manual V1.3 2016-07},
  author  = {Infineon Technologies AG},
  address = {81726 Munich Germany},
  edition = {V1.3 2016-07},
  month   = {07},
  year    = {2016},
  url     = {https://www.infineon.com/dgdl/Infineon-ReferenceManual_XMC4700_XMC4800-UM-v01_03-EN.pdf?fileId=5546d462518ffd850151904eb90c0044},
}

@Comment{jabref-meta: databaseType:bibtex;}
