% Encoding: UTF-8
@misc{regl,
	howpublished = {https://de.wikipedia.org/wiki/Regler},
	note = {zuletzt aufgerufen am 23.01.2017},
	title = {{Regler}}
}

@Comment{jabref-meta: databaseType:bibtex;}